@online{forser2019texlab,
    author = {Eric Förster and Patrick Förster},
    title = {{\TeX{}Lab: \LaTeX{} Language Server}},
    url = {https://ctan.org/pkg/texlab},
    urldate = {2025-03-10},
}

@online{stoffel2022digestif,
    author = {Augusto Stoffel},
    title = {{digestif: Editor plugin for {\LaTeX}, {\Hologo{ConTeXt}} etc}},
    url = {https://ctan.org/pkg/digestif},
    urldate = {2025-03-10},
}

@online{starynovotny2024statica,
    author = {Novotn\'{y}, V\'{i}t S},
    title = {Static analysis of expl3 programs~(1): Introduction},
    url = {https://witiko.github.io/Expl3-Linter-1},
    date = {2024-04-05},
    urldate = {2025-04-23},
}

@online{starynovotny2024staticb,
    author = {Novotn\'{y}, V\'{i}t S},
    title = {Static analysis of expl3 programs~(2): Requirements},
    url = {https://witiko.github.io/Expl3-Linter-2},
    date = {2024-09-06},
    urldate = {2025-04-23},
}

@online{starynovotny2024staticc,
    author = {Novotn\'{y}, V\'{i}t S},
    title = {Static analysis of expl3 programs~(3): Related work},
    url = {https://witiko.github.io/Expl3-Linter-3},
    date = {2024-09-06},
    urldate = {2025-04-23},
}

@online{starynovotny2024staticd,
    author = {Novotn\'{y}, V\'{i}t S},
    title = {Static analysis of expl3 programs~(4): Design},
    url = {https://witiko.github.io/Expl3-Linter-4},
    date = {2024-09-06},
    urldate = {2025-04-23},
}

@online{starynovotny2024statice,
    author = {Novotn\'{y}, V\'{i}t S},
    title = {Static analysis of expl3 programs~(5): {F}rank {M}ittelbach in {B}rno, the first public release of explcheck, and expl3 usage statistics},
    url = {https://witiko.github.io/Expl3-Linter-5},
    date = {2024-12-05},
    urldate = {2025-04-23},
}

@online{starynovotny2024staticf,
    author = {Novotn\'{y}, V\'{i}t S},
    title = {Static analysis of expl3 programs~(6): A flurry of releases, {\CSTUG} talk, and what's next},
    url = {https://witiko.github.io/Expl3-Linter-6},
    date = {2024-12-19},
    urldate = {2025-04-23},
}

@online{starynovotny2024project,
    author = {Novotn\'{y}, V\'{i}t S},
    title = {Project proposal: expl3 static analyzer},
    url = {https://tug.org/tc/devfund/documents/2024-09-expltools.pdf},
    date = {2024-09-06},
    urldate = {2025-04-23},
}

@online{starynovotny2024release,
    author = {Novotn\'{y}, V\'{i}t S},
    title = {Release 2024-12-04},
    url = {https://github.com/witiko/expltools/releases/2024-12-04},
    date = {2024-12-04},
    urldate = {2025-04-23},
}

@online{starynovotny2025ctan,
    author = {Novotn\'{y}, V\'{i}t S},
    title = {Package expltools: Development tools for expl3 programmers},
    url = {https://ctan.org/pkg/expltools},
    urldate = {2025-04-23},
}

@online{starynovotny2025github,
    author = {Novotn\'{y}, V\'{i}t S},
    title = {witiko/expltools: Development tools for expl3 programmers},
    url = {https://github.com/witiko/expltools},
    urldate = {2025-05-05},
}

@online{starynovotny2024tweet,
    author = {Novotn\'{y}, V\'{i}t S},
    title = {The first in a series of devlogs about the development of a linter for the expl3 programming language},
    url = {https://x.com/tvitecnik/status/1787148258176881024},
    date = {2024-05-05},
    urldate = {2025-04-23},
}

@online{starynovotny2024toot,
    author = {Novotn\'{y}, V\'{i}t S},
    title = {The first in a series of devlogs about the development of a linter for the expl3 programming language},
    url = {https://hachyderm.io/@witiko/112389280179757596},
    date = {2024-05-05},
    urldate = {2025-04-23},
}

@online{starynovotny2025expl3,
    author = {Novotn\'{y}, V\'{i}t S},
    title = {A Pony from the {B}o-hay-mia: Articles tagged with ``expl3''},
    url = {https://witiko.github.io/tag/expl3},
    urldate = {2025-04-23},
}

@online{starynovotny2025platy,
    author = {Novotn\'{y}, V\'{i}t S},
    title = {Artwork commissioned for the expltools bundle},
    url = {https://github.com/witiko/expltools/tree/main/artwork},
    urldate = {2025-04-23},
}

@online{latex2025expl3,
    author = {{{\LaTeX} team}},
    title = {The \textsf{expl3} package and {\LaTeX}3 programming},
    url = {http://mirrors.ctan.org/macros/latex/required/l3kernel/expl3.pdf},
    urldate = {2025-04-24},
}

@online{latex2025interface3,
    author = {{{\LaTeX} team}},
    title = {The {\LaTeX}3 Interfaces},
    url = {http://mirrors.ctan.org/macros/latex/required/l3kernel/interface3.pdf},
    urldate = {2025-05-12},
}

@article{peischl2023introduction,
    author  = {Marei Peischl},
    year    = {2023},
    title   = {An introduction to expl3},
    journal = {TUGboat},
    volume  = {44},
    number  = {1},
    pages   = {87--93},
    issn    = {0896-3207},
    doi     = {10.47397/tb/44-1/tb136peischl-expl3},
}